@article{zhengattention,
    title={Attention heads of large language models},
    author={Zheng, Zifan and Wang, Yezhaohui and Huang, Yuxin and Song, Shichao and Yang, Mingchuan and Tang, Bo and Xiong, Feiyu and Li, Zhiyu},
    journal={Patterns},
    publisher={Elsevier},
    year={2025}
}