%%
% Evaluation
%%
@inproceedings{SST_Stanford,
  title={Recursive deep models for semantic compositionality over a sentiment treebank},
  author={Socher, Richard and Perelygin, Alex and Wu, Jean and Chuang, Jason and Manning, Christopher D and Ng, Andrew Y and Potts, Christopher},
  booktitle={Proceedings of the 2013 conference on empirical methods in natural language processing},
  pages={1631--1642},
  year={2013}
}
@inproceedings{MMLU_UCB,
    title={Measuring Massive Multitask Language Understanding},
    author={Dan Hendrycks and Collin Burns and Steven Basart and Andy Zou and Mantas Mazeika and Dawn Song and Jacob Steinhardt},
    booktitle={International Conference on Learning Representations},
    year={2021},
    pages={1--27},
}
@inproceedings{TriviaQA_UoW,
    title = "{T}rivia{QA}: A Large Scale Distantly Supervised Challenge Dataset for Reading Comprehension",
    author = "Joshi, Mandar  and
      Choi, Eunsol  and
      Weld, Daniel  and
      Zettlemoyer, Luke",
    booktitle = "Proceedings of the 55th Annual Meeting of the Association for Computational Linguistics (Volume 1: Long Papers)",
    year = "2017",
    publisher = "Association for Computational Linguistics",
    pages = "1601--1611",
}
@inproceedings{TruthfulQA_Oxford,
    title = "{T}ruthful{QA}: Measuring How Models Mimic Human Falsehoods",
    author = "Lin, Stephanie  and
      Hilton, Jacob  and
      Evans, Owain",
    booktitle = "Proceedings of the 60th Annual Meeting of the Association for Computational Linguistics (Volume 1: Long Papers)",
    year = "2022",
    publisher = "Association for Computational Linguistics",
    pages = "3214--3252",
}
@article{AGNews_NYU,
  title={Character-level convolutional networks for text classification},
  author={Zhang, Xiang and Zhao, Junbo and LeCun, Yann},
  journal={Advances in neural information processing systems},
  volume={28},
  year={2015},
  pages={1--9},
}
@inproceedings{AGENDA_UoW,
    title = "{T}ext {G}eneration from {K}nowledge {G}raphs with {G}raph {T}ransformers",
    author = "Koncel-Kedziorski, Rik  and
      Bekal, Dhanush  and
      Luan, Yi  and
      Lapata, Mirella  and
      Hajishirzi, Hannaneh",
    booktitle = "Proceedings of the 2019 Conference of the North {A}merican Chapter of the Association for Computational Linguistics: Human Language Technologies, Volume 1 (Long and Short Papers)",
    year = "2019",
    publisher = "Association for Computational Linguistics",
    pages = "2284--2293",
}
@inproceedings{LRE_MIT,
    title={Linearity of Relation Decoding in Transformer Language Models},
    author={Evan Hernandez and Arnab Sen Sharma and Tal Haklay and Kevin Meng and Martin Wattenberg and Jacob Andreas and Yonatan Belinkov and David Bau},
    booktitle={The Twelfth International Conference on Learning Representations},
    year={2024},
    pages={1--23},
}
@article{Omniglot_15_NYU,
  title={Human-level concept learning through probabilistic program induction},
  author={Lake, Brenden M and Salakhutdinov, Ruslan and Tenenbaum, Joshua B},
  journal={Science},
  volume={350},
  pages={1332--1338},
  year={2015},
  publisher={American Association for the Advancement of Science}
}
@article{ETHOS_20_arXiv_Greece,
  title={Ethos: an online hate speech detection dataset},
  author={Mollas, Ioannis and Chrysopoulou, Zoe and Karlos, Stamatis and Tsoumakas, Grigorios},
  journal={Preprint at arXiv},
  year={2020},
  note={\href{https://doi.org/10.1007/s40747-021-00608-2}{https://doi.org/10.1007/s40747-021-00608-2}},
}
@inproceedings{LogiQA_20_IJCAI_FDU,
  title     = {LogiQA: A Challenge Dataset for Machine Reading Comprehension with Logical Reasoning},
  author    = {Liu, Jian and Cui, Leyang and Liu, Hanmeng and Huang, Dandan and Wang, Yile and Zhang, Yue},
  booktitle = {Proceedings of the Twenty-Ninth International Joint Conference on Artificial Intelligence, {IJCAI-20}},
  publisher = {International Joint Conferences on Artificial Intelligence Organization},
  pages     = {3622--3628},
  year      = {2020},
}
@inproceedings{MQuAKE_23_EMNLP_Princeton,
    title = "{MQ}u{AKE}: Assessing Knowledge Editing in Language Models via Multi-Hop Questions",
    author = "Zhong, Zexuan and Wu, Zhengxuan and Manning, Christopher and Potts, Christopher  and Chen, Danqi",
    booktitle = "Proceedings of the 2023 Conference on Empirical Methods in Natural Language Processing",
    year = "2023",
    publisher = "Association for Computational Linguistics",
    pages = "15686--15702",
}
@inproceedings{NewsBench_24_ACL_Melbourne,
    title = "{N}ews{B}ench: A Systematic Evaluation Framework for Assessing Editorial Capabilities of Large Language Models in {C}hinese Journalism",
    author = "Li, Miao  and
      Chen, Ming-Bin  and
      Tang, Bo  and
      ShengbinHou, ShengbinHou  and
      Wang, Pengyu  and
      Deng, Haiying  and
      Li, Zhiyu  and
      Xiong, Feiyu  and
      Mao, Keming  and
      Peng, Cheng  and
      Luo, Yi",
    booktitle = "Proceedings of the 62nd Annual Meeting of the Association for Computational Linguistics (Volume 1: Long Papers)",
    year = "2024",
    publisher = "Association for Computational Linguistics",
    pages = "9993--10014",
}
@inproceedings{TEval_24_ACL_USTC,
    title = "{T}-Eval: Evaluating the Tool Utilization Capability of Large Language Models Step by Step",
    author = "Chen, Zehui  and
      Du, Weihua  and
      Zhang, Wenwei  and
      Liu, Kuikun  and
      Liu, Jiangning  and
      Zheng, Miao  and
      Zhuo, Jingming  and
      Zhang, Songyang  and
      Lin, Dahua  and
      Chen, Kai  and
      Zhao, Feng",
    booktitle = "Proceedings of the 62nd Annual Meeting of the Association for Computational Linguistics (Volume 1: Long Papers)",
    year = "2024",
    publisher = "Association for Computational Linguistics",
    pages = "9510--9529",
}
@article{MATH_21_arXiv,
    title={Measuring mathematical problem solving with the math dataset},
    author={Hendrycks, Dan and Burns, Collin and Kadavath, Saurav and Arora, Akul and Basart, Steven and Tang, Eric and Song, Dawn and Steinhardt, Jacob},
    journal={Preprint at arXiv},
    year={2021},
    note={\href{https://doi.org/10.48550/arXiv.2103.03874}{https://doi.org/10.48550/arXiv.2103.03874}},
}
@article{GSM8K_21_arXiv,
    title={Training verifiers to solve math word problems},
    author={Cobbe, Karl and Kosaraju, Vineet and Bavarian, Mohammad and Chen, Mark and Jun, Heewoo and Kaiser, Lukasz and Plappert, Matthias and Tworek, Jerry and Hilton, Jacob and Nakano, Reiichiro and others},
    journal={Preprint at arXiv},
    year={2021},
    note={\href{https://doi.org/10.48550/arXiv.2110.14168}{https://doi.org/10.48550/arXiv.2110.14168}},
}
@article{XSUM_18_arXiv,
    title={Don't give me the details, just the summary! topic-aware convolutional neural networks for extreme summarization},
    author={Narayan, Shashi and Cohen, Shay B and Lapata, Mirella},
    journal={Preprint at arXiv},
    year={2018},
    notes={\href{https://doi.org/10.48550/arXiv.1808.08745}{https://doi.org/10.48550/arXiv.1808.08745}},
}






%%%%
% Additional Task
%%%%
@inproceedings{FacutalRecall_23_EMNLP_Google,
    title = "Dissecting Recall of Factual Associations in Auto-Regressive Language Models",
    author = "Geva, Mor  and Bastings, Jasmijn  and Filippova, Katja  and Globerson, Amir",
    booktitle = "Proceedings of the 2023 Conference on Empirical Methods in Natural Language Processing",
    year = "2023",
    publisher = "Association for Computational Linguistics",
    pages = "12216--12235",
}
@article{FactualRecall_24_arXiv_RUC,
  title={Interpreting Key Mechanisms of Factual Recall in Transformer-Based Language Models},
  author={Lv, Ang and Zhang, Kaiyi and Chen, Yuhan and Wang, Yulong and Liu, Lifeng and Wen, Ji-Rong and Xie, Jian and Yan, Rui},
  journal={Preprint at arXiv},
  year={2024},
  note={\href{https://doi.org/10.48550/arXiv.2403.19521}{https://doi.org/10.48550/arXiv.2403.19521}},
}
@inproceedings{MLPKnowledge,
    title = "Knowledge Neurons in Pretrained Transformers",
    author = "Dai, Damai  and Dong, Li  and Hao, Yaru  and Sui, Zhifang  and Chang, Baobao  and Wei, Furu",
    booktitle = "Proceedings of the 60th Annual Meeting of the Association for Computational Linguistics (Volume 1: Long Papers)",
    year = "2022",
    publisher = "Association for Computational Linguistics",
    pages = "8493--8502",
}
@inproceedings{TransformerKVpair,
    title = "Transformer Feed-Forward Layers Are Key-Value Memories",
    author = "Geva, Mor  and Schuster, Roei  and Berant, Jonathan  and Levy, Omer",
    booktitle = "Proceedings of the 2021 Conference on Empirical Methods in Natural Language Processing",
    year = "2021",
    publisher = "Association for Computational Linguistics",
    pages = "5484--5495",
}
@article{Memory3_24_arXiv_IAAR,
  title={$$\backslash$text $\{$Memory$\}$\^{} 3$: Language Modeling with Explicit Memory},
  author={Yang, Hongkang and Lin, Zehao and Wang, Wenjin and Wu, Hao and Li, Zhiyu and Tang, Bo and Wei, Wenqiang and Wang, Jinbo and Tang, Zeyun and Song, Shichao and others},
  journal={Preprint at arXiv},
  year={2024},
  note={\href{https://doi.org/10.48550/arXiv.2407.01178}{https://doi.org/10.48550/arXiv.2407.01178}},
}
@inproceedings{MLPLocalUpdate_23_EMNLP_ETH,
    title = "A Mechanistic Interpretation of Arithmetic Reasoning in Language Models using Causal Mediation Analysis",
    author = "Stolfo, Alessandro  and
      Belinkov, Yonatan  and
      Sachan, Mrinmaya",
    booktitle = "Proceedings of the 2023 Conference on Empirical Methods in Natural Language Processing",
    year = "2023",
    publisher = "Association for Computational Linguistics",
    pages = "7035--7052",
}