%%%
% 认知神经学、心理学相关
%%%
@article{AIHumanGAP_24_Intelligence_UWA,
  title={Defining intelligence: Bridging the gap between human and artificial perspectives},
  author={Gignac, Gilles E and Szodorai, Eva T},
  journal={Intelligence},
  volume={104},
  pages={101832},
  year={2024},
  publisher={Elsevier}
}
@article{CoT_22_NIPS_Google,
  title={Chain-of-thought prompting elicits reasoning in large language models},
  author={Wei, Jason and Wang, Xuezhi and Schuurmans, Dale and Bosma, Maarten and Xia, Fei and Chi, Ed and Le, Quoc V and Zhou, Denny and others},
  journal={Advances in neural information processing systems},
  volume={35},
  pages={24824--24837},
  year={2022}
}
@incollection{MemoryRecall,
  author    = {Tulving, Endel},
  title     = {Episodic and semantic memory},
  booktitle = {Organization of memory},
  publisher = {Academic Press},
  year      = {1972},
  pages     = {381},
}
@article{SquireMemory,
  title={Memory and the hippocampus: a synthesis from findings with rats, monkeys, and humans.},
  author={Squire, Larry R},
  journal={Psychological review},
  volume={99},
  pages={195},
  year={1992},
  publisher={American Psychological Association}
}
@article{GeneralStructure,
  title={The role of knowledge in discourse comprehension: a construction-integration model.},
  author={Kintsch, Walter},
  journal={Psychological review},
  volume={95},
  pages={163},
  year={1988},
  publisher={American Psychological Association}
}
@book{Syntax,
  title={Aspects of the Theory of Syntax},
  author={Chomsky, Noam},
  number={11},
  year={2014},
  publisher={MIT press}
}
@book{Semantic,
  title={Semantic structures},
  author={Jackendoff, Ray S},
  volume={18},
  year={1992},
  publisher={MIT press}
}
@book{ReasoningNumber,
  title={The number sense: How the mind creates mathematics},
  author={Dehaene, Stanislas},
  year={2011},
  publisher={OUP USA}
}
@book{ReasoningLogic,
  title={Mental models. Towards a cognitive science of language, inference, and consciousness},
  author={Johnson-Laird, PN},
  year={1983},
  publisher={Harvard University Press}
}
@article{LanguageExpress,
  title={Models of word production},
  author={Levelt, Willem JM},
  journal={Trends in cognitive sciences},
  volume={3},
  pages={223--232},
  year={1999},
  publisher={Elsevier}
}
@article{MachinePsychology_Hagendorff,
  title={Machine psychology: Investigating emergent capabilities and behavior in large language models using psychological methods},
  author={Hagendorff, Thilo},
  journal={Preprint at arXiv},
  year={2023},
  note={\href{https://doi.org/10.48550/arXiv.2303.13988}{https://doi.org/10.48550/arXiv.2303.13988}},
}
@article{MachinePsychology_Johansson,
  title={Functional Equivalence with NARS},
  author={Johansson, Robert and Hammer, Patrick and Lofthouse, Tony},
  journal={Preprint at arXiv},
  year={2024},
  note={\href{https://doi.org/10.48550/arXiv.2405.03340}{https://doi.org/10.48550/arXiv.2405.03340}},
}
@article{OperantConditioning,
  title={Operant conditioning},
  author={Staddon, John ER and Cerutti, Daniel T},
  journal={Annual review of psychology},
  volume={54},
  pages={115--144},
  year={2003},
  publisher={Annual Reviews 4139 El Camino Way, PO Box 10139, Palo Alto, CA 94303-0139, USA}
}
@article{MachinePsychologyOrigin,
  title={Machine psychology: autonomous behavior, perceptual categorization and conditioning in a brain-based device},
  author={Krichmar, Jeffrey L and Edelman, Gerald M},
  journal={Cerebral Cortex},
  volume={12},
  pages={818--830},
  year={2002},
  publisher={Oxford University Press}
}
@article{HumanMetacognition_18_Cambrige,
  title={Human metacognition across domains: insights from individual differences and neuroimaging},
  author={Rouault, Marion and McWilliams, Andrew and Allen, Micah G and Fleming, Stephen M},
  journal={Personality neuroscience},
  volume={1},
  pages={e17},
  year={2018},
  publisher={Cambridge University Press}
}
@article{SAEHumanHeads_24_arXiv_MIT,
    title={The Geometry of Concepts: Sparse Autoencoder Feature Structure},
    author={Li, Yuxiao and Michaud, Eric J and Baek, David D and Engels, Joshua and Sun, Xiaoqing and Tegmark, Max},
    journal={Preprint at arXiv},
    year={2024},
    note={\href{https://doi.org/10.48550/arXiv.2410.19750}{https://doi.org/10.48550/arXiv.2410.19750}},
}
@article{schrimpf2021neural,
    title={The neural architecture of language: Integrative modeling converges on predictive processing},
    author={Schrimpf, Martin and Blank, Idan Asher and Tuckute, Greta and Kauf, Carina and Hosseini, Eghbal A and Kanwisher, Nancy and Tenenbaum, Joshua B and Fedorenko, Evelina},
    journal={Proceedings of the National Academy of Sciences},
    volume={118},
    pages={e2105646118},
    year={2021},
    publisher={National Acad Sciences}
}
@article{marjieh2024large,
    title={Large language models predict human sensory judgments across six modalities},
    author={Marjieh, Raja and Sucholutsky, Ilia and van Rijn, Pol and Jacoby, Nori and Griffiths, Thomas L},
    journal={Scientific Reports},
    volume={14},
    pages={21445},
    year={2024},
    publisher={Nature Publishing Group UK London}
}
@article{mischler2024contextual,
    title={Contextual feature extraction hierarchies converge in large language models and the brain},
    author={Mischler, Gavin and Li, Yinghao Aaron and Bickel, Stephan and Mehta, Ashesh D and Mesgarani, Nima},
    journal={Nature Machine Intelligence},
    pages={1--11},
    year={2024},
    publisher={Nature Publishing Group UK London}
}
@article{PredictiveCoding_21,
    title={Predictive coding: a theoretical and experimental review},
    author={Millidge, Beren and Seth, Anil and Buckley, Christopher L},
    journal={Preprint at arXiv},
    year={2021},
    note={\href{https://doi.org/10.48550/arXiv.2107.12979}{https://doi.org/10.48550/arXiv.2107.12979}},
}
@article{dasgupta2022language,
    title={Language models show human-like content effects on reasoning},
    author={Dasgupta, Ishita and Lampinen, Andrew K and Chan, Stephanie CY and Creswell, Antonia and Kumaran, Dharshan and McClelland, James L and Hill, Felix},
    journal={Preprint at arXiv},
    year={2022},
    note={\href{https://doi.org/10.48550/arXiv.2207.07051}{https://doi.org/10.48550/arXiv.2207.07051}},
}
@article{janik2023aspects,
    title={Aspects of human memory and Large Language Models},
    author={Janik, Romuald A},
    journal={Preprint at arXiv},
    year={2023},
    note={\href{https://doi.org/10.48550/arXiv.2311.03839}{https://doi.org/10.48550/arXiv.2311.03839}},
}
@article{mahowald2024dissociating,
    title={Dissociating language and thought in large language models},
    author={Mahowald, Kyle and Ivanova, Anna A and Blank, Idan A and Kanwisher, Nancy and Tenenbaum, Joshua B and Fedorenko, Evelina},
    journal={Trends in Cognitive Sciences},
    year={2024},
    publisher={Elsevier},
    volume = {28},
    number = {6},
    pages = {517--540},
}
@article{sartori2023language,
    title={Language models and psychological sciences},
    author={Sartori, Giuseppe and Orr{\`u}, Graziella},
    journal={Frontiers in Psychology},
    volume={14},
    pages={1279317},
    year={2023},
    publisher={Frontiers Media SA}
}

@article{Cognitive_OAR,
  title={On the cognitive process of human problem solving},
  author={Wang, Yingxu and Chiew, Vincent},
  journal={Cognitive systems research},
  volume={11},
  number={1},
  pages={81--92},
  year={2010},
  publisher={Elsevier}
}
@article{OAR_model,
  title={The OAR model of neural informatics for internal knowledge representation in the brain},
  author={Wang, Yingxu},
  journal={International Journal of Cognitive Informatics and Natural Intelligence (IJCINI)},
  volume={1},
  number={3},
  pages={66--77},
  year={2007},
  publisher={IGI Global}
}
@book{ACTR_anderson,
  title={Rules of the mind},
  author={Anderson, John R},
  year={2014},
  publisher={Psychology Press}
}
@article{whitehill2013understanding,
    title={Understanding ACT-R-an outsider's perspective},
    author={Whitehill, Jacob},
    journal={Preprint at arXiv},
    year={2013},
    note={\href{https://doi.org/10.48550/arXiv.1306.0125}{https://doi.org/10.48550/arXiv.1306.0125}},
}
@article{laird2022analysis,
    title={An analysis and comparison of act-r and soar},
    author={Laird, John E},
    journal={Preprint at arXiv},
    year={2022},
    note={\href{https://doi.org/10.48550/arXiv.2201.09305}{https://doi.org/10.48550/arXiv.2201.09305}},
}